

@Article{missForest,
    title = {MissForest - non-parametric missing value imputation for mixed-type data},
    author = {Daniel J. Stekhoven and Peter Buehlmann},
    journal = {Bioinformatics},
    volume = {28},
    number = {1},
    pages = {112--118},
    year = {2012},
    publisher = {Oxford Univ Press},
  }
  
   @Article{Amelia,
    title = {{Amelia II}: A Program for Missing Data},
    author = {James Honaker and Gary King and Matthew Blackwell},
    journal = {Journal of Statistical Software},
    year = {2011},
    volume = {45},
    number = {7},
    pages = {1--47},
    url = {https://www.jstatsoft.org/v45/i07/},
  }
  
  @Article{mice,
    title = {{mice}: Multivariate Imputation by Chained Equations in R},
    author = {Stef {van Buuren} and Karin Groothuis-Oudshoorn},
    journal = {Journal of Statistical Software},
    year = {2011},
    volume = {45},
    number = {3},
    pages = {1-67},
    url = {https://www.jstatsoft.org/v45/i03/},
  }
  
  @Article{missMDA,
    title = {{missMDA}: A Package for Handling Missing Values in Multivariate Data Analysis},
    author = {Julie Josse and Fran\c{c}ois Husson},
    journal = {Journal of Statistical Software},
    year = {2016},
    volume = {70},
    number = {1},
    pages = {1--31},
    doi = {10.18637/jss.v070.i01},
  }
  
   @Manual{missRanger,
    title = {missRanger: Fast Imputation of Missing Values},
    author = {Michael Mayer},
    year = {2019},
    note = {R package version 2.1.0},
    url = {https://CRAN.R-project.org/package=missRanger},
  }
  
   @Article{VIM,
    title = {Imputation with the {R} Package {VIM}},
    author = {Alexander Kowarik and Matthias Templ},
    journal = {Journal of Statistical Software},
    year = {2016},
    volume = {74},
    number = {7},
    pages = {1--16},
    doi = {10.18637/jss.v074.i07},
  }
  
   @Manual{softImpute,
    title = {softImpute: Matrix Completion via Iterative Soft-Thresholded SVD},
    author = {Trevor Hastie and Rahul Mazumder},
    year = {2015},
    note = {R package version 1.4},
    url = {https://CRAN.R-project.org/package=softImpute},
  }
  
   @Article{mlr3,
    title = {{mlr3}: A modern object-oriented machine learning framework in {R}},
    author = {Michel Lang and Martin Binder and Jakob Richter and Patrick Schratz and Florian Pfisterer and Stefan Coors and Quay Au and Giuseppe Casalicchio and Lars Kotthoff and Bernd Bischl},
    journal = {Journal of Open Source Software},
    year = {2019},
    month = {dec},
    doi = {10.21105/joss.01903},
    url = {https://joss.theoj.org/papers/10.21105/joss.01903},
  }
  
   @Manual{mlr3pipelines,
    title = {mlr3pipelines: Preprocessing Operators and Pipelines for 'mlr3'},
    author = {Martin Binder and Florian Pfisterer and Lennart Schneider and Bernd Bischl and Michel Lang and Susanne Dandl},
    year = {2020},
    note = {https://mlr3pipelines.mlr-org.com,
https://github.com/mlr-org/mlr3pipelines},
  }
  
